@online{translated_turbopages,
author = {},
title  = {[1]	Arithmetic coding},
year   = {},
url    = {https://translated.turbopages.org/proxy_u/en-ru.ru.fbaf1e08-63ce7c75-d7985506-74722d776562/https/en.wikipedia.org/wiki/Arithmetic_encoder#History_and_patents}
}
@online{wikipedia,
author = {},
title  = {Арифметическое кодирование},
date   = {},
url    = {https://ru.wikipedia.org/wiki/Арифметическое_кодирование}
}
@online{grsu,
author = {},
title  = {Алгоритмы сжатия},
date   = {},
url    = {https://mf.grsu.by/UchProc/livak/po/comprsite/theory_arithmetic.html}
}
@online{helpiks,
author = {},
title  = {Арифметическое кодирование},
date   = {},
url    = {https://helpiks.org/6-82872.html}
}
